<record><leader>03703nam a2200649 i 4500</leader><controlfield tag="001">6797114</controlfield><controlfield tag="003">MiAaPQ</controlfield><controlfield tag="006">m     o  d |      </controlfield><controlfield tag="007">cr cnu||||||||</controlfield><controlfield tag="008">150128t20152015enk     o     001 0 eng d</controlfield><datafield ind1=" " ind2=" " tag="020"><subfield code="z">9781118979907</subfield></datafield><datafield ind1=" " ind2=" " tag="020"><subfield code="a">9781118979921 (e-book)</subfield></datafield><datafield ind1=" " ind2=" " tag="020"><subfield code="a">9781118979938 (e-book)</subfield></datafield><datafield ind1=" " ind2=" " tag="020"><subfield code="a">9781118979945 (e-book)</subfield></datafield><datafield ind1=" " ind2=" " tag="035"><subfield code="a">ocn900343742</subfield></datafield><datafield ind1=" " ind2=" " tag="039"><subfield code="a">exclude</subfield></datafield><datafield ind1=" " ind2=" " tag="040"><subfield code="a">MiAaPQ</subfield><subfield code="b">eng</subfield><subfield code="e">rda</subfield><subfield code="e">pn</subfield><subfield code="c">MiAaPQ</subfield><subfield code="d">MiAaPQ</subfield><subfield code="d">AEU</subfield></datafield><datafield ind1=" " ind2="4" tag="050"><subfield code="a">HJ9733</subfield><subfield code="b">.R877 2015</subfield></datafield><datafield ind1="0" ind2=" " tag="082"><subfield code="a">657.8350021873</subfield><subfield code="2">23</subfield></datafield><datafield ind1=" " ind2=" " tag="090"><subfield code="a">Internet Access</subfield><subfield code="b">AEVC</subfield></datafield><datafield ind1=" " ind2=" " tag="090"><subfield code="a">Internet Access</subfield><subfield code="b">AOAC</subfield></datafield><datafield ind1=" " ind2=" " tag="090"><subfield code="a">Internet Access</subfield><subfield code="b">AEC</subfield></datafield><datafield ind1=" " ind2=" " tag="090"><subfield code="a">Internet Access</subfield><subfield code="b">AGPC</subfield></datafield><datafield ind1=" " ind2=" " tag="090"><subfield code="a">Internet Access</subfield><subfield code="b">AEGMCT</subfield></datafield><datafield ind1=" " ind2=" " tag="090"><subfield code="a">Internet Access</subfield><subfield code="b">ARDC</subfield></datafield><datafield ind1=" " ind2=" " tag="090"><subfield code="a">Internet Access</subfield><subfield code="b">AEU</subfield></datafield><datafield ind1="1" ind2=" " tag="100"><subfield code="a">Ruppel, Warren,</subfield><subfield code="e">author.</subfield></datafield><datafield ind1="1" ind2="0" tag="245"><subfield code="a">Wiley GAAP for governments 2015 :</subfield><subfield code="b">interpretation and application of generally accepted accounting principles for state and local governments /</subfield><subfield code="c">Warren Ruppel.</subfield></datafield><datafield ind1=" " ind2="1" tag="264"><subfield code="a">Chichester, [England] :</subfield><subfield code="b">Wiley,</subfield><subfield code="c">2015.</subfield></datafield><datafield ind1=" " ind2="4" tag="264"><subfield code="c">&#169;2015</subfield></datafield><datafield ind1=" " ind2=" " tag="300"><subfield code="a">1 online resource (695 pages)</subfield></datafield><datafield ind1=" " ind2=" " tag="336"><subfield code="a">text</subfield><subfield code="2">rdacontent</subfield></datafield><datafield ind1=" " ind2=" " tag="337"><subfield code="a">computer</subfield><subfield code="b">c</subfield><subfield code="2">rdamedia</subfield></datafield><datafield ind1=" " ind2=" " tag="338"><subfield code="a">online resource</subfield><subfield code="b">cr</subfield><subfield code="2">rdacarrier</subfield></datafield><datafield ind1=" " ind2=" " tag="500"><subfield code="a">Includes index.</subfield></datafield><datafield ind1=" " ind2=" " tag="506"><subfield code="a">Access restricted to authorized users and institutions.</subfield></datafield><datafield ind1=" " ind2=" " tag="588"><subfield code="a">Description based on online resource; title from PDF title page (ebrary, viewed January 27, 2015).</subfield></datafield><datafield ind1=" " ind2=" " tag="596"><subfield code="a">3 21 33 35 44 57 60</subfield></datafield><datafield ind1=" " ind2="0" tag="650"><subfield code="a">Finance, Public</subfield><subfield code="x">Accounting.</subfield></datafield><datafield ind1="4" ind2="0" tag="856"><subfield code="3">NorQuest College Access</subfield><subfield code="u">http://ebookcentral.proquest.com/lib/norquest-ebooks/detail.action?docID=1895854</subfield><subfield code="z">from Ebook Central College Complete</subfield></datafield><datafield ind1="4" ind2="0" tag="856"><subfield code="3">Olds College Access</subfield><subfield code="u">http://ebookcentral.proquest.com/lib/oldscollege/detail.action?docID=1895854</subfield><subfield code="z">from Ebook Central College Complete</subfield></datafield><datafield ind1="4" ind2="0" tag="856"><subfield code="3">Concordia University of Edmonton Access</subfield><subfield code="u">http://ebookcentral.proquest.com/lib/concordiaab-ebooks/detail.action?docID=1895854</subfield><subfield code="z">(Unlimited Concurrent Users)</subfield><subfield code="z">from Ebook Central Academic Complete</subfield></datafield><datafield ind1="4" ind2="0" tag="856"><subfield code="3">Grande Prairie Regional College Access</subfield><subfield code="u">http://ebookcentral.proquest.com/lib/gprc-ebooks/detail.action?docID=1895854</subfield><subfield code="z">(Unlimited Concurrent Users)</subfield><subfield code="z">from Ebook Central Academic Complete</subfield></datafield><datafield ind1="4" ind2="0" tag="856"><subfield code="3">MacEwan University Access</subfield><subfield code="u">http://ebookcentral.proquest.com/lib/macewan-ebooks/detail.action?docID=1895854</subfield><subfield code="z">(Unlimited Concurrent Users)</subfield><subfield code="z">from Ebook Central Academic Complete</subfield></datafield><datafield ind1="4" ind2="0" tag="856"><subfield code="3">Red Deer College Access</subfield><subfield code="u">http://ebookcentral.proquest.com/lib/rdc/detail.action?docID=1895854</subfield><subfield code="z">(Unlimited Concurrent Users)</subfield><subfield code="z">from Ebook Central Academic Complete</subfield></datafield><datafield ind1="4" ind2="0" tag="856"><subfield code="3">University of Alberta Access</subfield><subfield code="u">http://dx.doi.org/10.1002/9781118979945</subfield><subfield code="z">(Unlimited Concurrent Users)</subfield></datafield><datafield ind1=" " ind2=" " tag="949"><subfield code="h">UAIN</subfield><subfield code="m">NORQ_MAIN</subfield><subfield code="z">EBCCOLNQ</subfield></datafield><datafield ind1=" " ind2=" " tag="949"><subfield code="h">UAIN</subfield><subfield code="m">OLDS</subfield><subfield code="z">EBCCOLOLD</subfield></datafield><datafield ind1=" " ind2=" " tag="919"><subfield code="a">EBC1895854</subfield></datafield><datafield ind1=" " ind2=" " tag="919"><subfield code="a">EBC1895854</subfield></datafield><datafield ind1=" " ind2=" " tag="926"><subfield code="a">Internet Access</subfield><subfield code="w">LC</subfield><subfield code="c">1</subfield><subfield code="i">6797114-1001</subfield><subfield code="l">INTERNET</subfield><subfield code="m">UAINTERNET</subfield><subfield code="r">Y</subfield><subfield code="s">Y</subfield><subfield code="t">E-RESOURCE</subfield><subfield code="u">2/3/2015</subfield><subfield code="x">E-BOOK</subfield><subfield code="z">WILEYOL</subfield></datafield><datafield ind1=" " ind2=" " tag="926"><subfield code="a">Internet Access</subfield><subfield code="w">LC</subfield><subfield code="c">1</subfield><subfield code="i">6797114-2001</subfield><subfield code="l">INTERNET</subfield><subfield code="m">CONCORDIA</subfield><subfield code="r">Y</subfield><subfield code="s">Y</subfield><subfield code="t">E-RESOURCE</subfield><subfield code="u">3/9/2017</subfield><subfield code="x">E-BOOK</subfield><subfield code="z">EBCACCN</subfield></datafield><datafield ind1=" " ind2=" " tag="926"><subfield code="a">Internet Access</subfield><subfield code="w">LC</subfield><subfield code="c">1</subfield><subfield code="i">6797114-3001</subfield><subfield code="l">INTERNET</subfield><subfield code="m">GPRC_INT</subfield><subfield code="r">Y</subfield><subfield code="s">Y</subfield><subfield code="t">E-RESOURCE</subfield><subfield code="u">3/9/2017</subfield><subfield code="x">E-BOOK</subfield><subfield code="z">EBCACGP</subfield></datafield><datafield ind1=" " ind2=" " tag="926"><subfield code="a">Internet Access</subfield><subfield code="w">LC</subfield><subfield code="c">1</subfield><subfield code="i">6797114-4001</subfield><subfield code="l">INTERNET</subfield><subfield code="m">GR_MAC_INT</subfield><subfield code="r">Y</subfield><subfield code="s">Y</subfield><subfield code="t">E-RESOURCE</subfield><subfield code="u">3/9/2017</subfield><subfield code="x">E-BOOK</subfield><subfield code="z">EBCACMAC</subfield></datafield><datafield ind1=" " ind2=" " tag="926"><subfield code="a">Internet Access</subfield><subfield code="w">LC</subfield><subfield code="c">1</subfield><subfield code="i">6797114-5001</subfield><subfield code="l">INTERNET</subfield><subfield code="m">RED_DEER_C</subfield><subfield code="r">Y</subfield><subfield code="s">Y</subfield><subfield code="t">E-RESOURCE</subfield><subfield code="u">3/9/2017</subfield><subfield code="x">E-BOOK</subfield><subfield code="z">EBCACRD</subfield></datafield><datafield ind1=" " ind2=" " tag="926"><subfield code="a">Internet Access</subfield><subfield code="w">LC</subfield><subfield code="c">1</subfield><subfield code="i">6797114-6001</subfield><subfield code="l">INTERNET</subfield><subfield code="m">NORQ_MAIN</subfield><subfield code="r">Y</subfield><subfield code="s">Y</subfield><subfield code="t">E-RESOURCE</subfield><subfield code="u">4/5/2017</subfield><subfield code="x">E-BOOK</subfield><subfield code="z">EBCCOLNQ</subfield></datafield><datafield ind1=" " ind2=" " tag="926"><subfield code="a">Internet Access</subfield><subfield code="w">LC</subfield><subfield code="c">1</subfield><subfield code="i">6797114-7001</subfield><subfield code="l">INTERNET</subfield><subfield code="m">OLDS</subfield><subfield code="r">Y</subfield><subfield code="s">Y</subfield><subfield code="t">E-RESOURCE</subfield><subfield code="u">4/5/2017</subfield><subfield code="x">E-BOOK</subfield><subfield code="z">EBCCOLOLD</subfield></datafield></record>